@article{henrick2005mapped,
  title     = {Mapped weighted essentially non-oscillatory schemes: achieving optimal order near critical points},
  author    = {Henrick, Andrew K and Aslam, Tariq D and Powers, Joseph M},
  journal   = {Journal of Computational Physics},
  volume    = {207},
  number    = {2},
  pages     = {542--567},
  year      = {2005},
  publisher = {Elsevier}
}

@article{jiang1996efficient,
  title     = {Efficient implementation of weighted ENO schemes},
  author    = {Jiang, Guang-Shan and Shu, Chi-Wang},
  journal   = {Journal of computational physics},
  volume    = {126},
  number    = {1},
  pages     = {202--228},
  year      = {1996},
  publisher = {Elsevier}
}

@article{hu1999weighted,
  title     = {Weighted essentially non-oscillatory schemes on triangular meshes},
  author    = {Hu, Changqing and Shu, Chi-Wang},
  journal   = {Journal of Computational Physics},
  volume    = {150},
  number    = {1},
  pages     = {97--127},
  year      = {1999},
  publisher = {Elsevier}
}

@book{2013Riemann,
  title     = {Riemann Solvers and Numerical Methods for Fluid Dynamics},
  author    = { Toro, E. F. },
  publisher = {Springer Berlin Heidelberg},
  pages     = {87-114},
  year      = {2013}
}

@article{gottlieb1998total,
  title   = {Total variation diminishing Runge-Kutta schemes},
  author  = {Gottlieb, Sigal and Shu, Chi-Wang},
  journal = {Mathematics of computation},
  volume  = {67},
  number  = {221},
  pages   = {73--85},
  year    = {1998}
}

@article{shu2020essentially,
  title     = {Essentially non-oscillatory and weighted essentially non-oscillatory schemes},
  author    = {Shu, Chi-Wang},
  journal   = {Acta Numerica},
  volume    = {29},
  pages     = {701--762},
  year      = {2020},
  publisher = {Cambridge University Press}
}

@book{cockburn1998essentially,
  title     = {Essentially non-oscillatory and weighted essentially non-oscillatory schemes for hyperbolic conservation laws},
  author    = {Cockburn, Bernardo and Shu, Chi-Wang and Johnson, Claes and Tadmor, Eitan and Shu, Chi-Wang},
  year      = {1998},
  publisher = {Springer}
}

@article{liu2013robust,
  title     = {A robust reconstruction for unstructured WENO schemes},
  author    = {Liu, Yuan and Zhang, Yong-Tao},
  journal   = {Journal of Scientific Computing},
  volume    = {54},
  pages     = {603--621},
  year      = {2013},
  publisher = {Springer}
}

@article{friedrich1998weighted,
  title     = {Weighted essentially non-oscillatory schemes for the interpolation of mean values on unstructured grids},
  author    = {Friedrich, Oliver},
  journal   = {Journal of computational physics},
  volume    = {144},
  number    = {1},
  pages     = {194--212},
  year      = {1998},
  publisher = {Elsevier}
}